@misc{wikiTex,
	title={TeX},
	howpublished={https://en.wikipedia.org/wiki/TeX},
	note={Accessed: 2016-09-22},
}
